<?xml version="1.0" encoding="UTF-8"?><collection xmlns="http://www.loc.gov/MARC21/slim"><record><leader>00661nam--2200169-i-4500</leader><controlfield tag="001">000028078</controlfield><controlfield tag="002">20161230</controlfield><controlfield tag="005">20161230201037</controlfield><controlfield tag="008">060222s1000------------r-----000-0-eng-d</controlfield><datafield ind1=" " ind2=" " tag="040"><subfield code="a">IFIN-HH</subfield></datafield><datafield ind1=" " ind2=" " tag="080"><subfield code="a">53.081</subfield></datafield><datafield ind1="1" ind2=" " tag="100"><subfield code="a">Landolt-bornstein</subfield></datafield><datafield ind1="1" ind2="0" tag="245"><subfield code="a">Zahlenwerte und funktionen aus naturwissenschaften und technik. neue serie: gruppe ii: atom-und molekularphysik. band. 9. magnetische eigenschaften freier radikale. teil d2. organische kation-radikale und polyradikale. substanzenverzeichnis fur die bande II/1 UND II/9</subfield><subfield code="c">Landolt-bornstein</subfield></datafield><datafield ind1=" " ind2=" " tag="260"><subfield code="a">Berlin</subfield><subfield code="b">Springer-verlag</subfield><subfield code="c">1980</subfield></datafield><datafield ind1=" " ind2=" " tag="300"><subfield code="a">369P</subfield></datafield><datafield ind1=" " ind2=" " tag="852"><subfield code="a">17006</subfield></datafield><datafield ind1=" " ind2=" " tag="CAT"><subfield code="a">Sys</subfield><subfield code="c">20160118</subfield><subfield code="h">145950</subfield></datafield></record></collection>